@INPROCEEDINGS{openchallenge,
    author = {Dan Padilha and Bernhard Hengst},
    title = {{rUNSWift 2013 Open Challenge Entry: ``Stability Control through Machine Learned Behaviours''}},
    year = {2013},
}

@INPROCEEDINGS{bernhard_rl,
    author = {Bernhard Hengst},
    title = {{``Reinforcement Learning of Bipedal Lateral Behaviour and Stability Control with Ankle-Roll Activation''}},
    booktitle = {WSPC Proceedings},
    year = {2013},
}

@INPROCEEDINGS{white,
    author = {Brock White},
    title = {{``Humanoid Omni-Directional Locomotion''}},
    booktitle = {UNSW School of Computer Science and Engineering},
    year = {2011},
}

@INPROCEEDINGS{liu,
    author = {Roger Liu},
    title = {{``Bipedal walk and goalie behaviour in Robocup SPL''}},
    booktitle = {UNSW School of Computer Science and Engineering},
    year = {2013},
}

@INPROCEEDINGS{teh,
    author = {Belinda Teh},
    title = {{``Dynamic Omnidirectional Kicks on Humanoid Robots''}},
    booktitle = {UNSW School of Computer Science and Engineering},
    year = {2012},
}
